<?xml version="1.0" encoding="UTF-8"?><collection xmlns="http://www.loc.gov/MARC21/slim"><record><leader>00464nam--2200133-i-4500</leader><controlfield tag="001">000002890</controlfield><controlfield tag="002">20161230</controlfield><controlfield tag="005">20161230201025</controlfield><controlfield tag="008">060222s1000------------r-----000-0-eng-d</controlfield><datafield ind1=" " ind2=" " tag="080"><subfield code="a">621.039.3</subfield></datafield><datafield ind1=" " ind2=" " tag="100"><subfield code="a">Clewett, G.H</subfield></datafield><datafield ind1=" " ind2=" " tag="245"><subfield code="a">Chemical exchange as a verstile isotope separa tion process. paper presented at the symposium on modern chemistry, aug.21-31, 1950, oak ridg e, tennessee</subfield></datafield><datafield ind1=" " ind2=" " tag="260"><subfield code="a">Oak Ridge, Technical Information Serive, 1950  27 P</subfield></datafield><datafield ind1=" " ind2=" " tag="852"><subfield code="a">11056</subfield></datafield></record></collection>